@String{pub-Springer            = "Spring{\-}er-Ver{\-}lag"}
@String{pub-Springer:adr-B      = "Berlin"}
@String{pub-Springer:adr-L      = "London"}
@String{pub-Springer:adr-NY     = "New York"}

@article{
	bjorck:hammarling:1983,
	title = "A {S}chur method for the square root of a matrix",
	journal = "Linear Algebra and its Applications",
	volume = "52--53",
	pages = "127 - 140",
	year = "1983",
	author = "Åke Björck and Sven Hammarling"
}
@article{
	Brodtkorb:2010:SHC,
	author =    "Andre R. Brodtkorb and Christopher Dyken and Trond R. Hagen and Jon M. Hjelmervik and Olaf O. Storaasli",
	title =     "State-of-the-art in heterogeneous computing",
	journal =   "Sci. Program.",
	volume =    "18",
	number =    "1",
	month =     "January",
	year =      "2010",
	issn =      "1058-9244",
	url =       "http://dl.acm.org/citation.cfm?id=1804799.1804800",
	publisher = "IOS Press",
	address =   "Amsterdam, The Netherlands, The Netherlands"
}
@article{
	Stone:2010:OPPS,
	author = {Stone, John E. and Gohara, David and Shi, Guochun},
	title = {OpenCL: A Parallel Programming Standard for Heterogeneous Computing Systems},
	journal = {IEEE Des. Test},
	issue_date = {May 2010},
	volume = {12},
	number = {3},
	month = may,
	year = {2010},
	issn = {0740-7475},
	pages = {66--73},
	numpages = {8},
	url = {http://dx.doi.org/10.1109/MCSE.2010.69},
	doi = {10.1109/MCSE.2010.69},
	acmid = {1803953},
	publisher = {IEEE Computer Society Press},
	address = {Los Alamitos, CA, USA}
}
@misc{
	NVIDIA:CUDACPG:5:0,
	author =      "NVIDIA Corporation",
	title =       "{CUDA C Programming Guide}",
	version =     "5.0",
	year =        "2012",
	month =        "October",
	howpublished = "\url{http://docs.nvidia.com/cuda/pdf/CUDA_C_Programming_Guide.pdf}"
}
@manual{
	NVIDIA:CUBLAS:5:0,
	author =      "{NVIDIA}",
	title =       "{cuBLAS} Library - User Guide",
	year =        "2012-10",

	version = "5.0",
	url     = "http://docs.nvidia.com/cuda/pdf/CUDA_CUBLAS_Users_Guide.pdf",
}
urldate = "2013-03-04"
@manual{
	NVIDIA:CUSPARSE:5:0,
	author =  "{NVIDIA}",
	title  =  "{cuSPARSE} Library - User Guide",
	date   =  "2012-10",

	version = "5.0",
	url     = "http://docs.nvidia.com/cuda/pdf/CUDA_CUSPARSE_Users_Guide.pdf",
}
urldate = "2013-03-04"
@manual{
	NAG:GPU:0:6,
	author      = "{The Numerical Algorithms Group}",
	shortauthor = "NAG",
	title       = "{NAG Numerical Routines for GPUs Manual}",
	date        = "2012-04",
	url         = "http://www.nag.com/numeric/GPUs/naggpu_doc_0.6.pdf",
	
}
urldate     = "2013-03-04"
@inproceedings {
	Mariano:Alves:2012,
	author = "Artur Mariano and Ricardo Alves and João Barbosa and Luís Paulo Santos and Alberto Proença",
	title =  "A (ir)regularity-aware task scheduler for heterogeneous platforms",
	booktitle = "Proceedings of the 2nd International Conference on High Performance Computing",
	year =   "2012",

	pages = "45-56",
	address = "Kiev",
	month = "October",
}
@book{
	Higham:2008:FM,
	author =    "Nicholas J. Higham",
	title =     "Functions of Matrices: {Theory} and Computation",
	publisher = "Society for Industrial and Applied Mathematics",
	address =   "Philadelphia, PA, USA",
	year =      "2008",
	isbn =      "978-0-898716-46-7"
}
@book{
	Hennessy:Patterson:2012:CAQA,
	author =    "John L. Hennessy and David A. Patterson",
	title =     "Computer Architecture, Fifth Edition: A Quantitative Approach",
	year =      "2011",
	isbn =      "012383872X, 9780123838728",
	edition =   "5th",
	publisher = "Morgan Kaufmann Publishers Inc.",
	address =   "San Francisco, CA, USA",
}
@article {
	PLASMA:MAGMA,
	author       = "Agullo, E. and Demmel, J. and Dongarra, J. and Hadri, B. and Kurzak, J. and Langou, J. and Ltaief, H. and Luszczek, P. and Tomov, S.",
	title        = "Numerical linear algebra on emerging architectures: The PLASMA and MAGMA projects",
	journaltitle = "Journal of Physics: Conference Series",
	year         = "2009",

	institution = "Innovative Computing Laboratory, University of Tennessee",
	volume =      "180",
	number =      "1"
}
@online{
	Higham:MFT,
	author =       "Higham, Nicholas J.",
	title =        "The {Matrix Function Toolbox}",
	url = "http://www.ma.man.ac.uk/~higham/mftoolbox",
}
urldate = "2013-03-04"
@online {
	NAG,
	author =       "{The Numerical Algorithms Group}",
	shortauthor =  "NAG",
	title =        "{NAG Numerical Components}",
	url =          "http://www.nag.co.uk",
}
urldate =      "2013-03-04"
@misc {
	NVIDIA:GPGPU,
	author =       "NVIDIA Corporation",
	title =        "{What is GPU Computing?}",
	howpublished = "\url{http://www.nvidia.com/object/what-is-gpu-computing.html}",
	note =         "[Online; accessed November 8, 2012]"
}
@misc {
	Intel:MIC,
	author =       "Intel Corporation",
	title =        "{Many Integrated Core (MIC) Architecture}",
	howpublished = "\url{http://www.intel.com/content/www/us/en/architecture-and-technology/many-integrated-core/intel-many-integrated-core-architecture.html}",
	note =         "[Online; accessed November 8, 2012]"
}
@misc {
	Intel:CacheBlockingTechniques,
	author =       "Intel Corporation",
	title =        "{Cache Blocking Techniques}",
	howpublished = "\url{http://software.intel.com/en-us/articles/cache-blocking-techniques}",
	note =         "[Online; accessed February 6, 2013]"
}
@misc {
	ACCELEREYES:WIKI:SQRTM,
	author       = "{AccelerEyes}",
	title        = "{SQRTM} - Jacket Wiki",
	url          = "http://wiki.accelereyes.com/wiki/index.php/SQRTM",
}
urldate      = "2013-03-04"
@misc {
	CULA:LAPACK,
	author =       "{EM Photonics}",
	title =        "CULAPACK Function List",
	url = "http://www.culatools.com/dense/lapack/",
	
}
urldate = "2013-03-04"
@misc {
	CUSP:FEATURES,
	author =       "N. Bell and M. Garland",
	title =        "Cusp Library Features",
	version =      "0.3.0",
	date = "2012-03",
	url = "http://code.google.com/p/cusp-library/wiki/Features",
	
}
urldate = "2013-03-04"
@misc{
	OpenCL:1:2:15,
	author =      "Khronos OpenCL Working Group",
	title =       "{The OpenCL Specification 1.2, revision 15}",
	institution = "Khronos Group",
	year =        "2011",
	month =       "November",
	url =         "http://eprints.ma.man.ac.uk/1775"
}
@techreport {
	StarPU,
    url = "http://hal.inria.fr/inria-00467677/PDF/RR-7240.pdf",
    title = "{StarPU: a Runtime System for Scheduling Tasks over Accelerator-Based Multicore Machines}",
    author = "Augonnet, C{\'e}dric and Thibault, Samuel and Namyst, Raymond",
    affiliation = {Laboratoire Bordelais de Recherche en Informatique - LaBRI , RUNTIME - INRIA Bordeaux - Sud-Ouest},
    type = {Rapport de recherche},
    institution = {INRIA},
    number = {RR-7240},
    year = {2010},
    month = {March},
}
@techreport{
	Barbosa:2012,
	author =      "João Barbosa",
	title =       "GAMA framework: Hardware Aware Scheduling in Heterogeneous Environments",
	institution = "Informatics Department, University of Minho",
	year =        "2012",

	month =       "September"
}
@mastersthesis {
	Alves:2012,
	author = "Ricardo D. Q. Alves",
	title = "Distributed Shared Memory on Heterogeneous CPUs+GPUs Platforms",
	school = "Universidade do Minho",
	year =   "2012",

	month =  "October"
}
@misc{
	Armadillo:2010,
	author={Conrad Sanderson and Ryan Curtin and many contributors},
	title={Armadillo library},
	year={2013},
	note={\url{http://mloss.org/software/view/176/}}
}
@techreport{NVIDIA:FERMI,
  title={NVIDIA's Next Generation CUDA Compute Architectur: Fermi},
  author={NVIDIA},
  organization={NVIDIA},
  year={2009}
}
@techreport{NVIDIA:KEPLER,
  title={NVIDIA's Next Generation CUDA Compute Architectur: Kepler GK110},
  author={NVIDIA},
  organization={NVIDIA},
  year={2012}
}
@article{
	Hill:Marty:2008,
	author = {Hill, Mark D. and Marty, Michael R.},
	title = {Amdahl's Law in the Multicore Era},
	journal = {Computer},
	issue_date = {July 2008},
	volume = {41},
	number = {7},
	month = jul,
	year = {2008},
	pages = {33--38},
	numpages = {6},
	
	doi = {10.1109/MC.2008.209},
	acmid = {1449387},
	publisher = {IEEE Computer Society Press},
	address = {Los Alamitos, CA, USA},
}
@inproceedings{
	OpenMPC,
 author = {Lee, Seyong and Eigenmann, Rudolf},
 title = {OpenMPC: Extended OpenMP Programming and Tuning for GPUs},
 booktitle = {Proceedings of the 2010 ACM/IEEE International Conference for High Performance Computing, Networking, Storage and Analysis},
 series = {SC '10},
 year = {2010},
 isbn = {978-1-4244-7559-9},
 pages = {1--11},
 numpages = {11},
 url = {http://dx.doi.org/10.1109/SC.2010.36},
 doi = {10.1109/SC.2010.36},
 acmid = {1884674},
 publisher = {IEEE Computer Society},
 address = {Washington, DC, USA},
}
@online{
	TBB,
	author = {Intel},
	title = "{Intel Threading Building Blocks Documentation}",
	url = "http://software.intel.com/sites/products/documentation/doclib/tbb_sa/help/index.htm"
}
@online{
	MIC:TBB,
	author = "Intel",
	title = "Intel Xeon Phi Coprocessor Developer's Quick Start Guide",
	url = "http://software.intel.com/en-us/articles/intel-xeon-phi-coprocessor-developers-quick-start-guide"
}
@manual{
	OpenACC,
	author = "OpenACC",
	title = "The OpenACC Application Programming Interface",
	date = "2011-11",
	url = "http://www.openacc.org/sites/default/files/OpenACC.1.0_0.pdf",
	version = "1.0"
}
@manual{
	OpenMP,
	author = "OpenMP Architecture Review Board",
	title = "OpenMP Application Program Interface",
	url = "http://www.openmp.org/mp-documents/OpenMP3.1.pdf",
	version = "3.1",
	date = "2011-07"
}
@techreport{
	Deadman:Higham:Ralha:2012,
	author =      "Deadman, Edvin and Higham, Nicholas J. and Ralha, Rui",
	title =       "A Recursive Blocked {S}chur Algorithm for Computing the Matrix Square Root",
	date = "2012-01",
	type =        "MIMS EPrint",
	number =      "2012.26",
	ISSN =        "1749-9097",
	institution = "Manchester Institute for Mathematical Sciences, University of Manchester",
	address =     "Manchester, UK",
	url =         "http://eprints.ma.man.ac.uk/1775"
}
@inproceedings{
	Deadman:Higham:Ralha:2013,
	author = "Edvin Deadman and Nicholas J. Higham and Rui Ralha",
	title = "Blocked {Schur} Algorithms for Computing the Matrix Square Root",
	booktitle = "Applied Parallel and Scientific Computing: 11th International Conference, {PARA 2012, Helsinki, Finland}",
	editor = "P. Manninen and P. {\"O}ster",
	series = "Lecture Notes in Computer Science",
	volume =  7782,
	pages = "171-182",
	year = 2013,
	publisher = pub-Springer # ", " # pub-Springer:adr-B,
	doi = "10.1007/978-3-642-36803-5_12",
	created = "2013.03.08",
	updated = "2013.03.08"
}
@article{Jonsson:Kagstrom:2002,
	author = "Jonsson, Isak and K{\aa}gstr\"{o}m, Bo",
	title  = "Recursive blocked algorithms for solving triangular systems -- Part I: one-sided and coupled Sylvester-type matrix equations",
	journal = {ACM Trans. Math. Softw.},
	issue_date = {December 2002},
	volume = {28},
	number = {4},
	month = dec,
	year = {2002},
	pages = {392--415},
	numpages = {24}
}
